@article{subramani-computational,
    title={{Computational Geometry-Homework III (Solutions)}},
    author={Subramani, K. and Morgantown, WV},
    publisher={Citeseer}
}

@book{cormen2001introduction,
    title={{Introduction to algorithms}},
    author={Cormen, T.H.},
    year={2001},
    publisher={The MIT press}
    edition={Second}
}

